% Alphabetical Articles ----------------------------

@Article{Albert2009,
 author = {J. Albert},
 title = {Discrete Bayes in R},
 journal = {Technology Innovations in Statistics Education},
 year = {2009},
 OPTvolume = {3},
 OPTnumber = {1},
 OPTpages = {1-16},
}

@Article{BaglinBedfordBulmer2013,
 author = {J. Baglin and A. Bedford and M. Bulmer},
 title = {Students' Experiences and Perceptions of Using a Virtual Environment for Project-Based Assessment in an Online Introductory Statistics Course},
 journal = {Technology Innovations in Statistics Education},
 year = {2013},
 OPTvolume = {7},
 OPTnumber = {2},
 OPTpages = {1-15},
}

@Article{BaglinDaCosta2013,
 author = {J. Baglin and C. DaCosta},
 title = {Comparing Training Approaches for Technological Skill Development in Introductory Statistics Courses},
 journal = {Technology Innovations in Statistics Education},
 year = {2013},
 OPTvolume = {7},
 OPTnumber = {1},
 OPTpages = {1-23},
}

@Article{Bilgin2013,
 author = {A. A. Bilgin},
 title = {Discussion How Can Technology be Used to Teach Statistical Practice?},
 journal = {Technology Innovations in Statistics Education},
 year = {2013},
 OPTvolume = {7},
 OPTnumber = {2},
 OPTpages = {1-4},
}

@article{bokhove2010digital,
  title={Digital tools for algebra education: Criteria and evaluation},
  author={Bokhove, Christian and Drijvers, Paul},
  journal={International Journal of Computers for Mathematical Learning},
  volume={15},
  number={1},
  pages={45--62},
  year={2010},
  publisher={Springer}
}

@article{boon2009designer,
  title={A designer speaks: Designing educational software for 3D geometry},
  author={Boon, P},
  journal={Educational Designer},
  volume={1},
  number={2},
  year={2009}
}

@Article{Budgett2013,
 author = {S. Budgett and M. Pfannkuch and M. Regan and C.J. Wild},
 title = {Dynamic Visualisation and the Randomization Test},
 journal = {Technology Innovations in Statistics Education},
 year = {2013},
 OPTvolume = {7},
 OPTnumber = {2},
 OPTpages = {1-21},
}

@Article{Bulmer2011,
 author = {M. Bulmer and K. J. Haladyn},
 title = {Life on an Island: a Simulated Population to Support Student Projects in Statistics},
 journal = {Technology Innovations in Statistics Education},
 year = {2011},
 OPTvolume = {5},
 OPTnumber = {1},
 OPTpages = {1-20},
}

@book{burrill2002handheld,
  title={Handheld graphing technology in secondary mathematics},
  author={Burrill, Gail and Allison, Jacquie and Breaux, Glenda and Kastberg, Signe and Leatham, Keith and Sanchez, Wendy},
  year={2002},
  publisher={Texas Instruments}
}

@Article{Callingham2011,
 author = {R. Callingham},
 title = {Assessing Statistical Understanding in Middle Schools: Emerging Issues in Technology-Rich Environment},
 journal = {Technology Innovations in Statistics Education},
 year = {2011},
 OPTvolume = {5},
 OPTnumber = {1},
 OPTpages = {1-11},
}

@Article{Carlson2011,
 author = {K.A. Carlson and J.R. Winquist},
 title = {Evaluating an Active Learning Approach to Teaching Introductory Statistics: A Classroom Workbook Approach},
 journal = {Journal of Statistical Education},
 year = {2011},
 OPTvolume = {19},
 OPTnumber = {1},
 OPTpages = {1-23},
}

@Article{Carver2011,
 author = {R.H. Carver},
 title = {Introductory Statistics Unconstrained by Computability: A New Cobb Salad},
 journal = {Technology Innovations in Statistics Education},
 year = {2011},
 OPTvolume = {5},
 OPTnumber = {1},
 OPTpages = {1-14},
}

@Article{chance2007,
 author = {B. Chance and D. Ben-Zvi and J. Garfield and E. Medina},
 title = {The Role of Technology in Improving Student Learning of Statistics},
 journal = {Technology Innovations in Statistics Education},
 year = {2007},
 OPTvolume = {1},
 OPTnumber = {1},
 OPTpages = {1-26},
}

@MISC{CampusComputing,
    author = {K.C. Green},
    title = {The Campus Computing Project: A National Survey of Computation and Information Technology},
    month = {October},
    year = {2013},
    url={http://www.campuscomputing.net/sites/www.campuscomputing.net/files/CampusComputing2013_1.pdf}
} 

@Article{Cobb2007,
 author = {G.W. Cobb},
 title = {The Introductory Statistics Course: A Ptolemaic Curriculum},
 journal = {Technology Innovations in Statistics Education},
 year = {2007},
 OPTvolume = {1},
 OPTnumber = {1},
 OPTpages = {1-15},
}

@Article{Cook2002,
 author = {T.D. Cook},
 title = {Randomized Experiments in Educational Policy Research: A Critical Examination of the Reasons the Educational Evaluation Community has Offered for not Doing Them},
 journal = {Educational Evaluation and Policy Analysis},
 year = {2002},
 OPTvolume = {24},
 OPTnumber = {1},
 OPTpages = {175-199},
}

@Article{DelMas2007,
 author = {R. DelMas and J. Garfield and A. Ooms and B. Chance},
 title = {Assessing Students' Conceptual Understanding After a First Course in Statistics},
 journal = {Statistics Education Research Journal},
 year = {2007},
 OPTvolume = {6},
 OPTnumber = {2},
 OPTpages = {28-58},
}

@inproceedings{drijvers2012digital,
  title={Digital technology in mathematics education: Why it works (or doesn't)},
  author={Drijvers, Paul and others},
  booktitle={12th International Congress on Mathematical Education, Seoul},
  year={2012}
}

@Article{Everson2008,
 author = {M. G. Everson and J. Garfield},
 title = {An Innovation Approach to Teaching Online Statistics Courses},
 journal = {Technology Innovations in Statistics Education},
 year = {2008},
 OPTvolume = {2},
 OPTnumber = {1},
 OPTpages = {1-18},
}

@Article{Finzer2007,
 author = {W. Finzer and T. Erickson and K. Swenson and M. Litwin},
 title = {On Getting More and Better Data into the Classroom},
 journal = {Technology Innovations in Statistics Education},
 year = {2007},
 OPTvolume = {1},
 OPTnumber = {1},
 OPTpages = {1-10},
}

@Article{Finzer2013,
 author = {W. Finzer},
 title = {The Data Science Education Dilemma},
 journal = {Technology Innovations in Statistics Education},
 year = {2013},
 OPTvolume = {7},
 OPTnumber = {2},
 OPTpages = {1-9},
}

@article{flick2000preparing,
  title={Preparing tomorrow's science teachers to use technology: Guidelines for science educators},
  author={Flick, Larry and Bell, Randy},
  journal={Contemporary issues in technology and teacher education},
  volume={1},
  number={1},
  pages={39--60},
  year={2000}
}

@Article{Forbes2012,
 author = {S.D. Forbes},
 title = {Data Visualization: A motivational and Teaching Tool in Official Statistics},
 journal = {Technology Innovations in Statistics Education},
 year = {2012},
 OPTvolume = {6},
 OPTnumber = {1},
 OPTpages = {1-19},
}

@MISC{GAISEcollege,
    author = {M. Aliaga and G. Cobb and C. Cuff and J. Garfield and R. Gould and R. Lock and T. Moore and A. Rossman and B. Stephenson and J. Utts and P. Velleman and J. Witmer },
    title = {Guidelines for Assessment and Instruction in Statistics Education: College Report},
    year = {2005},
    OPTpages = {1-61},
}

@MISC{GAISEk12,
    author = {C. Franklin and G. Kader and D. Mewborn and J. Moreno and R. Peck and M. Perry and R. Schaffer},
    title = {Guidelines for Assessment and Instruction in Statistics Education: A Pre-K-12 Curriculum Framework},
    year = {2005},
    OPTpages = {1-61},
}

@Article{Garfield2012,
 author = {J. Garfield and R. delMas and A. Zieffler},
 title = {Developing statistical modelers and thinking in an introductory, tertiary-level statistics course},
 journal = {The International Journal on Mathematics Education},
 year = {2012},
 OPTvolume = {44},
 OPTnumber = {7},
 OPTpages = {883-898},
}

@Article{Harraway2012,
 author = {J.A. Harraway},
 title = {Learning Statistics Using Motivational Videos, Real Data and Free Software},
 journal = {Technology Innovations in Statistics Education},
 year = {2012},
 OPTvolume = {6},
 OPTnumber = {1},
 OPTpages = {1-21},
}

@Article{Harlow2009,
 author = {J. Harlow and B. Ashman and R. Sainudiin},
 title = {Extending Galton's Binomial Quincunx to the Trinomial Septcunx},
 journal = {Technology Innovations in Statistics Education},
 year = {2009},
 OPTvolume = {3},
 OPTnumber = {2},
 OPTpages = {1-16},
}

@Article{Hassad2013,
 author = {R. A. Hassad},
 title = {Faculty Attitude towards Technology-Assisted Instruction for Introductory Statistics in the Context of Educational Reform},
 journal = {Technology Innovations in Statistics Education},
 year = {2013},
 OPTvolume = {7},
 OPTnumber = {2},
 OPTpages = {1-17},
}

@Article{Hoff2012,
 author = {S. Hoff and R.L. Heiny and J.J. Perrett},
 title = {An Exploration of the Exact Distribution and Probability for Sample Means for Small Random Samples},
 journal = {Technology Innovations in Statistics Education},
 year = {2012},
 OPTvolume = {6},
 OPTnumber = {1},
 OPTpages = {1-19},
}

@Article{Howe2004,
 author = {K.R. Howe},
 title = {Randomized Experiments in Educational Policy Research: A Critical Examination of the Reasons the Educational Evaluation Community has Offered for not Doing Them},
 journal = {Educational Evaluation and Policy Analysis},
 year = {2004},
 OPTvolume = {10},
 OPTnumber = {4},
 OPTpages = {42-61},
}

@Article{jacobs2009,
 author = {A. Jacobs},
 title = {The Pathologies of Big Data},
 journal = {Communications of the ACM},
 year = {2009},
 OPTvolume = {52},
 OPTnumber = {8},
 OPTpages = {36-44}
}

@Article{Kaplan2011,
 author = {J.J. Kaplan},
 title = {Innovative Activities: How Clickers can Facilitate the Use of Simulation in Large Lecture Classes},
 journal = {Technology Innovations in Statistics Education},
 year = {2011},
 OPTvolume = {5},
 OPTnumber = {1},
 OPTpages = {1-14},
}

@article{kaput1994technology,
  title={Technology in mathematics education research: The first 25 years in the JRME},
  author={Kaput, James J and Thompson, Patrick W},
  journal={Journal for research in mathematics education},
  pages={676--684},
  year={1994},
  publisher={JSTOR}
}

@Article{Konold2008,
 author = {C. Konold and S. Kazak},
 title = {Reconnecting Data and Chance},
 journal = {Technology Innovations in Statistics Education},
 year = {2008},
 OPTvolume = {2},
 OPTnumber = {1},
 OPTpages = {1-37},
}

@Article{LaneGetaz2013,
 author = {S.J. Lane-Getaz},
 title = {Development of a Reliable Measure of Students' Inferential Reasoning Ability},
 journal = {Statistics Education Research Journal},
 year = {2013},
 OPTvolume = {12},
 OPTnumber = {1},
 OPTpages = {20-35},
}

@Article{Lee2009,
 author = {H.S. Lee and T.J. Lee},
 title = {Reasoning about Probabilistic Phenomia: Lessons Learned and Applied in Software Design},
 journal = {Technology Innovations in Statistics Education},
 year = {2009},
 OPTvolume = {3},
 OPTnumber = {2},
 OPTpages = {1-21},
}

@Article{McDanielGreen2012Paper1,
 author = {S.N. McDaniel and L. Green},
 title = {Independent Interactive Inquiry-Based Leaning Modules Using Audio-Visual Instruction in Statistics},
 journal = {Technology Innovations in Statistics Education},
 year = {2012},
 OPTvolume = {6},
 OPTnumber = {1},
 OPTpages = {1-20},
}

@Article{McDanielGreen2012Paper2,
 author = {S.N. McDaniel and L. Green},
 title = {Using Applets and Video Instruction to Foster Students' Understanding of Sampling Variability},
 journal = {Technology Innovations in Statistics Education},
 year = {2012},
 OPTvolume = {6},
 OPTnumber = {1},
 OPTpages = {1-17},
}

@Article{McGowanGunderson2010,
 author = {H.M. McGowan and B.K. Gunderson},
 title = {A Randomized Experiment Exploring how Certain Features of Clicker Use Effect Undergraduate Student's Engagement and Learning in Statistics},
 journal = {Technology Innovations in Statistics Education},
 year = {2010},
 OPTvolume = {4},
 OPTnumber = {1},
 OPTpages = {1-29},
}

@Article{McGowan2011,
 author = {H.M. McGowan},
 title = {Planning a Comparative Experiment in Educational Settings},
 journal = {Journal of Statistics Education},
 year = {2011},
 OPTvolume = {19},
 OPTnumber = {2},
 OPTpages = {1-19},
}

@Article{Moore1997,
 author = {D. S. Moore},
 title = {New Pedagogy and New Content: The Case of Statistics},
 journal = {International Statistical Review},
 year = {1997},
 OPTvolume = {65},
 OPTnumber = {1},
 OPTpages = {123-165},
}

@Article{Neumann2013,
 author = {D. Neumann and M. Hood and M. Neumann},
 title = {Using Real-Life Data When Teaching Statistics: Student Perceptions of this Strategy in an Introductory Statistics Course},
 journal = {Statistics Education Research Journal},
 year = {2013},
 OPTvolume = {12},
 OPTnumber = {2},
 OPTpages = {59-70},
}

@Article{Nicholson2013,
 author = {J. Nicholson and J. Ridgeway and S. McCluster},
 title = {Getting Real Statistics into all Curriculum Subject Areas: Can Technology Make this a Reality},
 journal = {Technology Innovations in Statistics Education},
 year = {2013},
 OPTvolume = {7},
 OPTnumber = {2},
 OPTpages = {1-16},
}

@Article{Ooms2008,
 author = {A. Ooms and J. Garfield},
 title = {A Model to Evaluate Online Educational Resourses in Statistics},
 journal = {Technology Innovations in Statistics Education},
 year = {2008},
 OPTvolume = {2},
 OPTnumber = {1},
 OPTpages = {1-17},
}

@Article{Ragasa2008,
 author = {C.Y. Ragasa},
 title = {A Comparison of Computer-Assisted Instruction and the Traditional Method of Teaching Basic Statistics},
 journal = {Journal of Statistics Education},
 year = {2008},
 OPTvolume = {16},
 OPTnumber = {1},
 OPTpages = {1-10},
}


@Article{Ridgeway2013,
 author = {J. Ridgeway and J. Nicholson and S. McCluster},
 title = {'Open Data' and the Semantic Web Required a Rethnk on Statistics Teaching},
 journal = {Technology Innovations in Statistics Education},
 year = {2013},
 OPTvolume = {7},
 OPTnumber = {2},
 OPTpages = {1-12},
}

@Article{Rubin2007,
 author = {A. Rubin},
 title = {Much Has Changed; Little Has Changed: Revisiting the Role of Technology in Statistics Education 1992-2007},
 journal = {Technology Innovations in Statistics Education},
 year = {2007},
 OPTvolume = {1},
 OPTnumber = {1},
 OPTpages = {1-33},
}

@Article{Schmidt2013,
 author = {K. K. Schmidt},
 title = {Virtual Discussion for Real Understanding: The Use of an Online Discussion Board in and Introductory Biostatistics Course},
 journal = {Technology Innovations in Statistics Education},
 year = {2013},
 OPTvolume = {7},
 OPTnumber = {1},
 OPTpages = {1-14},
}

@Article{Schutes2009,
 author = {K. Shutes},
 title = {A Note on Using Individualised Data Sets for Statistics Coursework},
 journal = {Technology Innovations in Statistics Education},
 year = {2009},
 OPTvolume = {3},
 OPTnumber = {2},
 OPTpages = {1-9},
}

@Article{Shaltayev2010,
 author = {D.S. Shaltayev and H. Hodges and R.B. Hasbrouck},
 title = {VISA: Reducing Technological Impact on Student Learning in an Introductory Statistics Course},
 journal = {Technology Innovations in Statistics Education},
 year = {2010},
 OPTvolume = {4},
 OPTnumber = {1},
 OPTpages = {1-20},
}

@article{stohl2000promoting,
  title={Promoting appropriate uses of technology in mathematics teacher preparation},
  author={Stohl Drier, Hollylynne and Harper, Suzanne and Timmerman, Maria A and Garofalo, Joe and Shockey, Tod},
  year={2000}
}

@Article{Tintle2011,
 author = {N. Tintle and J. VanderStoep and V. Holmes and B. Quisenberry and T. Swanson},
 title = {Development and Assessment of Preliminary Randomization-Based Introductory Statistics Curriculum},
 journal = {Journal of Statistics Education},
 year = {2011},
 OPTvolume = {19},
 OPTnumber = {1},
 OPTpages = {1-25},
}

@Article{Tintle2012,
 author = {N. Tintle and K. Topliff and J. VanderStoep and V. Holmes and T. Swanson},
 title = {Retention of Statistical Concepts in a Preliminary Randomization-Based Introductory Statistics Curriculum},
 journal = {Statistics Education Research Journal},
 year = {2012},
 OPTvolume = {11},
 OPTnumber = {1},
 OPTpages = {21-40},
}

@article{trouche2010handheld,
  title={Handheld technology for mathematics education: Flashback into the future},
  author={Trouche, Luc and Drijvers, Paul},
  journal={ZDM},
  volume={42},
  number={7},
  pages={667--681},
  year={2010},
  publisher={Springer}
}

@article{wijers2010mobilemath,
  title={MobileMath: exploring mathematics outside the classroom},
  author={Wijers, Monica and Jonker, Vincent and Drijvers, Paul},
  journal={ZDM},
  volume={42},
  number={7},
  pages={789--799},
  year={2010},
  publisher={Springer}
}

@Article{Williams2012,
 author = {A. Williams},
 title = {Online Homework vs. Traditional Homework; Statistics Anxiety and Self-Efficacy in an Educational Statistics Course},
 journal = {Technology Innovations in Statistics Education},
 year = {2012},
 OPTvolume = {6},
 OPTnumber = {1},
 OPTpages = {1-19},
}

@PhdThesis{Ziegler2014,
           title = {Reconceptualizing Statistical Literacy: Developing an Assessment for the Modern Statistics Course},
          author = "Laura Ziegler",
          school = "University of Minnesota",
           month = June,
            year = "2014",
}

% Books  --------------------------------------------------------------------------

@Book{AgrestiFranklin,
 author = "A. Agresti and C. Franklin",
 title = "Statistics: The Art and Science of Learning From Data",
 publisher = "Pearson",
 address = "Upper Saddle River, NJ",
 year = 2012,
 isbn = "0321756320 ",
}


@Book{Lock5,
 author = "R.H. Lock and P.F. Lock and K.L.Morgan and E.F. Lock and D.F.Lock",
 title = "Statistics: Unlocking the Power of Data",
 publisher = "Wiley",
 address = "Hoboken, NJ",
 year = 2013,
 isbn = "9780470601877",
}

@Book{ISI,
 author = "N. Tintle and B. Chance and G. Cobb and A. Rossman and S. Roy and T. Swanson and J. Vanderstoep",
 title = "Introduction to Statistical Investigations",
 publisher = "Wiley",
 address = "Hoboken, NJ",
 year = 2014,
 isbn = "1118956672",
}

@Book{Forta,
 author = "B. Forta",
 title = "MySQL: Crash Course",
 publisher = "Sams Publishing",
 address = "Indianapolis, IN",
 year = 2006,
 isbn = "0672327120",
}

@Book{Schwartz,
 author = "B. Schwartz and P. Zaitsev and V. Tkachenko",
 title = "High Performance MySQL",
 publisher = "O'Reilly",
 address = "Sebastopol, CA",
 year = 2012,
 isbn = "9781449314286",
}


% R packages --------------------------------------------------------------------------

  @Manual{LearnBayes,
    title = {LearnBayes: Functions for Learning Bayesian Inference},
    author = {Jim Albert},
    year = {2014},
    note = {R package version 2.15},
    url = {http://CRAN.R-project.org/package=LearnBayes},
  }

@Book{ggplot2,
 author = "Hadley Wickham",
 title = "{ggplot2}: Elegant Graphics for Data Analysis",
 publisher = "Springer",
 address = " New York",
 year = 2009,
 url = "http://had.co.nz/ggplot2/book",
 isbn = "9780387981406"
}

@Book{Yihui,
 author = "Yihui Xie",
 title = "Dynamic Documents with R and knitr ",
 publisher = "Chapman and Hall/CRC",
 address = "Boca Raton, FL",
 year = 2013,
 isbn = "1482203537 ",
}

@Manual{shiny,
    title = {shiny: Web Application Framework for R},
    author = {{RStudio} and {Inc.}},
    year = {2014},
    note = {R package version 0.9.1},
    url = {http://CRAN.R-project.org/package=shiny},
  }

  @Manual{RMySQL,
    title = {RMySQL: R interface to the MySQL database},
    author = {David A. James and Saikat DebRoy},
    year = {2012},
    note = {R package version 0.9-3},
    url = {http://CRAN.R-project.org/package=RMySQL},
  }


% Software ------------------------------------------------------------------

  @Manual{R,
    title = {R: A Language and Environment for Statistical Computing},
    author = {{R Core Team}},
    organization = {R Foundation for Statistical Computing},
    address = {Vienna, Austria},
    year = {2013},
    url = {http://www.R-project.org/},
  }

@Manual{SAS,
  author  = {{SAS Institute Inc.}},
  title   = {SAS/STAT Software, Version~9.1},
  year    = {2014},
  address = {Cary, NC},
  url     = {http://www.sas.com/},
}

@Manual{SPSS,
  title = "IBM SPSS Statistics for Windows, Version 22.0",
  author = {{IBM Corp.}},
  address = "Armonk, NY",
  year = 2013,
  url = "www.ibm.com/software/analytics/spss/",
}

@Manual{STATA,
  title = "Stata Statistical Software: Release 13",
  author = {{StataCorp LP}},
  address = "College Station, TX",
  year = 2013,
  url = "www.stata.com",
}

@Manual{Minitab,
  title = "Minitab 17 Statistical Software",
  author = {{Minitab, Inc.}},
  address = "State College, PA",
  year = 2010,
  url = "www.minitab.com",
}

@Manual{MATLAB,
year = {2014},
author = {MATLAB},
title = {version 8.3.0 (R2014a)},
publisher = {The MathWorks Inc.},
address = {Natick, Massachusetts}
}

@Manual{Mathematica,
  title = "Mathematica Version 10.1",
  author = {{Wolfram}},
  publisher = {Wolfram Research, Inc.},
  address = "Champaign, IL",
  year = 2015,
  url = "www.wolfram.com/mathematica/",
}

@Manual{Excel,
  title = "Microsoft Excel",
  author = {{Microsoft Corp.}},
  address = "Redmond, WA",
  year = 2013,
  url = "office.microsoft.com/en-us/excel/",
}

@Manual{MySQL,
title = {MySQL},
author = {{Oracle Corp.}},
organization = {Oracle Corp.},
year = 2014,
url = {www.mysql.com/}
} 


% Course Platforms  --------------------------------------------------------------------------

@ONLINE{Blackboard,
	author = {{Blackboard Inc.}},
    	year= {2014},
     	howpublished= {\url{http://www.blackboard.com}},
     	note = {Accessed: 09/03/2014},
}

@MISC{Desire2Learn,
	author = {{Desire2Learn}},
   	year = {2014},
   	howpublished= {\url{http://www.brightspace.com/}},
   	note = {Accessed: 09/03/2014},
}

@ONLINE{Moodle,
	author = {{Moodle}},
    	year= {2014},
     	howpublished= {\url{https://moodle.org/}},
     	note = {Accessed: 09/03/2014},
}

% Misc websites ---------------------------------------------------------------


@ONLINE{ARTIST,
  author = {{ARTIST}},
    	year= {2006},
     	howpublished= {\url{apps3.cehd.umn.edu/artist/tests/index.html}},
     	note = {Accessed: 09/08/2014},
}

@ONLINE{APcalculator,
	author = {{The College Board}},
	title = {AP Statistics: Calculator Policy},
   	year= {2014},
     	howpublished= {\url{apstudent.collegeboard.org/apcourse/ap-statistics/calculator-policy}},
     	note = {Accessed: 09/05/2014}
}

@ONLINE{CATALST,
	author = {{CATALST}},
	title = {Change Agents for Teaching and Learning Statistics (CATALST) Materials},
   	year= {2012},
     	howpublished= {\url{www.tc.umn.edu/~catalst/materials}},
     	note = {Accessed: 09/06/2014}
}

@ONLINE{ICOTS9,
	author = {{ICOTS9}},
	title = {International Conference on Teaching Statistics 9: Program},
   	year= {2014},
     	howpublished= {\url{http://icots.info/9/programme.php}},
     	note = {Accessed: 09/06/2014}
}


% Data Repos ---------------------------------------------------------------

@ONLINE{ATLAS,
	author = {{ATLAS}},
	title = {Applied Technologies for Learning in the Arts \& Sciences (ATLAS) Data Repositories},
   	year= {2014},
     	howpublished= {\url{http://www.atlas.illinois.edu/services/stats/archive/repositories/}},
     	note = {Accessed: 09/04/2014}
}

@ONLINE{CAUSErepo,
	author = {{CAUSE}},
	title = {Consortium for the Advancement of Undergraduate Statistics Education Resourses},
    	year= {2014},
     	howpublished= {\url{https://www.causeweb.org/resources/}},
     	note = {Accessed: 09/03/2014}
}

@ONLINE{CDC,
	author = {{Center for Disease Control}},
	title = {Center for Disease Control (CDC)},
   	year= {2014},
     	howpublished= {\url{www.cdc.gov}},
     	note = {Accessed: 09/04/2014}
}

@ONLINE{Census,
	author = {{U.S. Census Bureau}},
	title = {U.S. Census Bureau},
   	year= {2014},
     	howpublished= {\url{www.census.gov}},
     	note = {Accessed: 09/04/2014}
}

@ONLINE{DASL,
	author = {{DASL Project}},
	title = {The Data and Story Library (DASL)},
   	year= {1996},
     	howpublished= {\url{http://lib.stat.cmu.edu/DASL/}},
     	note = {Accessed: 09/03/2014}
}

@ONLINE{DataGov,
	author = {{U.S. General Services Administration}},
	title = {data.gov},
   	year= {2014},
     	howpublished= {\url{www.data.gov}},
     	note = {Accessed: 09/04/2014}
}

@ONLINE{ICPSR,
	author = {{ICPSR}},
	title = {Inter-university Consortium for Political and Social Research},
   	year= {2014},
     	howpublished= {\url{www.icpsr.umich.edu}},
     	note = {Accessed: 09/04/2014}
}

@ONLINE{JSErepo,
	author = {{American Statistical Association}},
	title = {Journal of Statistics Education (JSE) Data Archives},
   	year= {2014},
     	howpublished= {\url{http://www.amstat.org/publications/jse/jse_data_archive.htm}},
     	note = {Accessed: 09/03/2014}
}

@ONLINE{ManyEyes,
	author = {{IBM Corp.}},
	title = {Many Eyes},
    	year= {2013},
    	 howpublished= {\url{www.ibm.com/manyeyes}},
    	 note = {Accessed: 09/03/2014}
}

@ONLINE{NHTSA,
  author = {{National Highway Transportation Safety Administration}},
	title = {National Highway Transportation Safety Administration (NHTSA)},
   	year= {2015},
     	howpublished= {\url{www.nhtsa.gov}},
     	note = {Accessed: 04/27/2014}
}

@ONLINE{GSS,
	author = {{NORC}},
	title = {General Social Survey},
   	year= {2014},
     	howpublished= {\url{http://www3.norc.org/GSS+Website/}},
     	note = {Accessed: 09/04/2014}
}

@ONLINE{OzDASL,
     	author = {G.K. Smyth},
     	year= {2011},
     	title = {Australasian Data and Story Library (OzDASL)},
    	howpublished= {\url{http://www.statsci.org/data}},
     	note = {Accessed: 09/03/2014}
}

@ONLINE{Roper,
	author = {{Roper Center}},
	title = {Roper Center Public Opinion Archives},
   	year= {2014},
     	howpublished= {\url{www.ropercenter.uconn.edu/}},
     	note = {Accessed: 09/04/2014}
}

@ONLINE{SSW,
	author = {G. Smyth},
	title = {Statistical Science Web Data Sets},
   	year= {2014},
     	howpublished= {\url{http://www.statsci.org/datasets.html}},
     	note = {Accessed: 09/04/2014}
}

@ONLINE{WHO,
	author = {{WHO}},
	title = {World Health Organization Multi-Country Studies Data Archive},
   	year= {2014},
     	howpublished= {\url{http://apps.who.int/healthinfo/systems/surveydata/index.php/catalog}},
     	note = {Accessed: 09/04/2014}
}

@ONLINE{WorldBank,
	author = {{World Bank}},
	title = {World Bank Open Data},
   	year= {2014},
     	howpublished= {\url{data.worldbank.org/}},
     	note = {Accessed: 09/04/2014}
}

@LEGISLATION{FOIA,
	title = {FOIA UPDATE: THE FREEDOM OF INFORMATION ACT, 5 U.S.C. SECT. 552, AS AMENDED BY PUBLIC LAW NO. 104-231, 110 STAT. 3048},
	author={{U.S.C.}},
	year = {1996},
	url = {http://www.foia.gov/},
}

% Binning stuff ------------------------------------------------------------------------

@article{spillmann:1994,
  author={Lothar Spillmann},
  year=1994,
  title={The Hermann Grid Illusion: a Tool for Studying Human Perceptive Field Organization},
  journal={Perception},
  volume={23},
  pages={691--708}
}

@article{hermann:1870,
year={1870},
issn={0365-267x},
journal={Archiv f\"ur die gesamte Physiologie des Menschen und der Tiere},
volume={3},
number={1},
doi={10.1007/BF01855743},
title={Eine Erscheinung simultanen Contrastes},
url={http://dx.doi.org/10.1007/BF01855743},
publisher={Springer-Verlag},
author={Hermann, Ludimar},
pages={13--15},
language={German}
}

@book{playfair2,
  Author = {William Playfair and Howard Wainer and Ian Spence},
	Publisher = {Cambridge University Press},
	Title = {Playfair's Commercial and Political Atlas and Statistical Breviary},
	Year = {2005}}

@Article{Carr1987,
 author = {D.B. Carr and R.J. Littlefield and W.L. Nicholson and J.S. Littlefield},
 title = {Scatterplot Matrix Techniques for Large N},
 journal = {Journal of the American Statistical Association},
 year = {1987},
 OPTvolume = {82},
 OPTnumber = {398},
 OPTpages = {424-436},
}

@Article{sunflowerplots,
 author = {W. S. Cleveland and R. McGill},
 title = {The Many Faces of a Scatterplot},
 journal = {Journal of the American Statistical Association},
 year = {1984},
 OPTvolume = {79},
 OPTnumber = {388},
 OPTpages = {807-822}
}

@book{playfair,
  Address = {London},
	Author = {William Playfair},
	Title = {Commercial and Political Atlas},
	Year = {1786}
}

@article{dang2010stacking,
  title={Stacking graphic elements to avoid over-plotting},
  author={Dang, Tuan Nhon and Wilkinson, Leland and Anand, Anushka},
  journal={Visualization and Computer Graphics, IEEE Transactions on},
  volume={16},
  number={6},
  pages={1044--1052},
  year={2010},
  publisher={IEEE}
}

@Article{Herschel1833,
 author = {J.F.W. Herschel},
 title = {On the investigation of the orbits of revolving double stars},
 journal = {Memoirs of the Royal Astronomical Society},
 year = {1833},
 OPTvolume = {5},
 OPTpages = {171-222}
}

@article{few2008solutions,
  title={Solutions to the Problem of Over-plotting in Graphs},
  author={Few, Stephen},
  journal={Visual Business Intelligence Newsletter},
  year={2008}
}

@Article{colorperception,
 author = {C. G. Healey and J. T. Enns},
 title = {Large Datasets at a glance: combining textures and colors in scientific visualization},
 journal = {IEEE Transactions on Visualization and Computer Graphics},
 year = {1999},
 OPTvolume = {5},
 OPTnumber = {2},
 OPTpages = {145-167}
}

@Article{Keim2010GenScatter,
 author = {D.A. Keim and M.C. Hao and Umeshwar Dayal and Halldor Janetzko and Peter Bak },
 title = {Generalized Scatter Plots},
 journal = {Information Visualization},
 year = {2010},
 OPTvolume = {9},
 OPTnumber = {4},
 OPTpages = {301-311}
}

@INPROCEEDINGS{Janetzko2013Ellipse,
  author = {H. Janetzko and M.C. Hao and S. Mittelstadt and U. Dayal and D.A. Keim},
  year = {2013},
  title = {Enhancing Scatter Plots Using Ellipsoid Pixel Placement and Shading},
  booktitle = {2013 46th Hawaii International Conference on System Sciences (HICSS) },
  pages = {1-10}
}

@inproceedings{Hao2010visual,
  title={Visual Analytics of Large Multidimensional Data Using Variable Binned Scatter Plots},
  author={Hao, Ming C and Dayal, Umeshwar and Sharma, Ratnesh K and Keim, Daniel A and Janetzko, Halld{\'o}r},
  booktitle={IS\&T/SPIE Electronic Imaging},
  pages={753006--753006},
  year={2010},
  organization={International Society for Optics and Photonics}
}

@Article{Pearson1895,
 author = {K. Pearson},
 title = {Contributions to the Mathematical Theory of Evolution. II. Skew Variation in Homogeneous Material},
 journal = {Philosophical Transactions of the Royal Society of London},
 year = {1895},
 OPTvolume = {186},
 OPTpages = {343-414}
}

@Article{Scott1979,
 author = {D.W. Scott},
 title = {On Optimal and Data-Based Histograms},
 journal = {Biometrika},
 year = {1979},
 OPTvolume = {66},
 OPTnumber = {3},
 OPTpages = {605-610}
}

@techreport{Wickham2013Bin,
  author = "H. Wickham",
  title = "Bin-Summarize-Smooth: A Framework for Visualising Large Data",
  month = "October",
	year = "2013"
}

@inproceedings{Liu2013imMens,
  title={\textit{imMens}: Real-Time Visual Querying of Big Data},
  author={Z. Liu and B. Jiang and J. Heer},
  booktitle={Eurographics Conference on Visualization (EuroVis)},
  volume={32},
  number={3},
  year={2013},
  organization={International Society for Optics and Photonics}
}

@book{scott1992,
  title={Multivariate Density Estimation: Theory, Practice and Visualization},
  author={Scott, David W},
  year={1992},
  publisher={John Wiley \& Sons}
}

@article{friendly2005early,
  title={The early origins and development of the scatterplot},
  author={Friendly, Michael and Denis, Daniel},
  journal={Journal of the History of the Behavioral Sciences},
  volume={41},
  number={2},
  pages={103--130},
  year={2005},
  publisher={Wiley Online Library}
}

@article{cleveland1984graphical,
  title={Graphical perception: Theory, experimentation, and application to the development of graphical methods},
  author={Cleveland, William S and McGill, Robert},
  journal={Journal of the American statistical association},
  volume={79},
  number={387},
  pages={531--554},
  year={1984},
  publisher={Taylor \& Francis}
}

@inproceedings{heer2010crowdsourcing,
  title={Crowdsourcing graphical perception: using mechanical turk to assess visualization design},
  author={Heer, Jeffrey and Bostock, Michael},
  booktitle={Proceedings of the SIGCHI Conference on Human Factors in Computing Systems},
  pages={203--212},
  year={2010},
  organization={ACM}
}

@incollection{martin-gold,
 author = "Martin Theus",
 title = "Scaling Up Graphics",
 booktitle = "Graphics of Large Datasets",
 publisher = "Springer",
 address = " New York",
 year = 2006,
 isbn = "0387329064"
}

@article{healey1999large,
  title={Large datasets at a glance: Combining textures and colors in scientific visualization},
  author={Healey, Christopher G and Enns, James T},
  journal={Visualization and Computer Graphics, IEEE Transactions on},
  volume={5},
  number={2},
  pages={145--167},
  year={1999},
  publisher={IEEE}
}

@article{demiralp2014learning,
  title={Learning perceptual kernels for visualization design},
  author={Demiralp, Cagatay and Bernstein, Michael and Heer, Jeffrey},
  year={2014},
  publisher={IEEE}
}

@Article{Cleveland1987,
 author = {W.S. Cleveland},
 title = {Research in Statistical Graphics},
 journal = {Journal of the American Statistical Association},
 year = {1987},
 OPTvolume = {82},
 OPTnumber = {398},
 OPTpages = {419-423},
}

@Article{Keim1996,
 author = {D.A. Kiem},
 title = {Pixel-Oriented Visualization Techniques for Exploring Very Large Data Bases},
 journal = {Journal of Computational and Graphical Statistics},
 year = {1996},
 OPTvolume = {5},
 OPTnumber = {1},
 OPTpages = {58-77},
}

@Book{tukey,
 author = "J. W. Tukey",
 title = "Exploratory Data Analysis",
 publisher = "Addison Wesley",
 address = "Lebanon, IN",
 year = 1977,
 isbn = "0201076160"
}

@Book{Gold2006,
 author = "Antony Unwin and Martin Theus and Heike Hofmann",
 title = "Graphics of Large Datasets",
 publisher = "Springer",
 address = " New York",
 year = 2006,
 isbn = "0387329064",
}

@incollection{Theus2006,
 author = "Martin Theus",
 title = "Scaling Up Graphics",
 booktitle = "Graphics of Large Datasets",
 publisher = "Springer",
 address = " New York",
 year = 2006,
 isbn = "0387329064",
}

@Article{Unwin1999,
 author = {A. Unwin},
 title = {Visualising Large Data Sets},
 journal = {Sistemi Complessi e Statistica Computazionale},
 year = {1999},
 OPTpages = {129-136},
}

@Article{Wilkinson2000,
 author = {L. Wilkinson and D.J. Rope and D.B. Carr and M.A. Rubin},
 title = {The Language of Graphics},
 journal = {Journal of Computational and Graphical Statistics},
 year = {2000},
 OPTvolume = {9},
 OPTnumber = {3},
 OPTpages = {530-543},
}

% Math Tech -----------------------------------------------------------

@article{nctm2000standards,
  title={Standards for School Math},
  author={NCTM, Principles},
  journal={Nat'l Council of Teachers of Math},
  year={2000}
}

@misc{jackiw2002geometer,
  title={The Geometer's Sketchpad v4. 0},
  author={Jackiw, Nicholas},
  year={2002},
  publisher={Key Curriculum Press, Berkeley}
}

@misc{bantchev2010brief,
  title={A brief tour to dynamic geometry software},
  author={Bantchev, Boyko B},
  year={2010}
}

@ONLINE{CaRMetal,
  author = {Eric Hakenholz},
	title = {Compass and Ruler Metal Geometry},
   	year= {2010},
    howpublished= {\url{http://db-maths.nuxit.net/CaRMetal/index_en.html}},
    note = {Accessed: 5/1/15}
}


@ONLINE{DME,
  author = {{Freudenthal Institute}},
	title = {Digital Math Environment},
   	year= {2014},
     	howpublished= {\url{http://www.fi.uu.nl/dwo/en/}},
     	note = {Accessed: 5/1/2015}
}

@Manual{MapleTA,
  title = "Maple T.A. 10",
  author = {{Waterloo Maple Inc.}},
  address = "Waterloo, ON",
  year = 2015,
  url = "http://www.maplesoft.com/products/Mapleta/"
}

@Manual{Maple,
  title = "Maple 2015",
  author = {{Waterloo Maple Inc.}},
  address = "Waterloo, ON",
  year = 2015,
  url = "http://www.maplesoft.com/products/Maple"
}

@Manual{sage,
  title = "Sage Version 6.6",
  author = {{Sage Developement Team}},
  year = 2015,
  url = "http://www.sagemath.org/"
}

@inproceedings{gage2002webwork,
  title={WeBWorK: Generating, delivering, and checking math homework via the Internet},
  author={Gage, Michael and Pizer, Arnold and Roth, Vicki},
  booktitle={ICTM2 international congress for teaching of mathematics at the undergraduate level, Hersonissos, Crete, Greece. http://www. math. uoc. gr/\~{} ictm2/Proceedings/pap189. pdf},
  year={2002}
}

@ONLINE{wims,
  author = {Xiao Gang},
  title = {WWW Interactive Multipurpose Server},
     year= {2015},
     	howpublished= {\url{http://wims.unice.fr/wims/en_home.html}},
     	note = {Accessed: 5/1/2015}
}

@ONLINE{cinderella,
  author = {Jurgen Richter-Gebert and Ulrich Kortenkamp}, 
  publisher = {Springer-Verlag},
  title = {The Interactive Geometry Software Cinderella Version 2.8},
     year= {2013},
       howpublished= {\url{http://www.cinderella.de/}},
     	note = {Accessed: 5/4/2015}
}

@ONLINE{wolframalpha,
  author = {{Wolfram Alpha LLC}},
  publisher = {Wolfram Alpha LLC},
  title = {Wolfram Alpha},
  year= {2015},
  howpublished= {\url{http://www.wolframalpha.com/}},
  note = {Accessed: 5/1/2015}
}

@incollection{freiman2014technology,
  title={Technology Design in Mathematics Education},
  author={Freiman, Viktor},
  booktitle={Encyclopedia of Mathematics Education},
  pages={605--610},
  year={2014},
  publisher={Springer}
}

%Physical Sciences Tech ---------------------------------------

@article{bryan2006technology,
  title={Technology for physics instruction},
  author={Bryan, Joel},
  journal={Contemporary Issues in Technology and Teacher Education},
  volume={6},
  number={2},
  pages={230--245},
  year={2006}
}

@article{mottmann1999innovations,
  title={Innovations in physics teaching-a cautionary tale},
  author={Mottmann, John},
  journal={The Physics Teacher},
  volume={37},
  number={2},
  pages={74--77},
  year={1999},
  publisher={American Association of Physics Teachers}
}

@article{rios2000guide,
  title={Guide to adopting technology in the physics classroom},
  author={Rios, Jose M and Madhavan, Santosh},
  journal={The Physics Teacher},
  volume={38},
  number={2},
  pages={94--97},
  year={2000},
  publisher={American Association of Physics Teachers}
}

@article{klein2014video,
  title={Video analysis of projectile motion using tablet computers as experimental tools},
  author={Klein, P and Gr{\"o}ber, S and Kuhn, J and M{\"u}ller, A},
  journal={Physics Education},
  volume={49},
  number={1},
  pages={37},
  year={2014},
  publisher={IOP Publishing}
}

@article{phommarach2012video,
  title={Video analysis of rolling cylinders},
  author={Phommarach, S and Wattanakasiwich, P and Johnston, I},
  journal={Physics Education},
  volume={47},
  number={2},
  pages={189},
  year={2012},
  publisher={IOP Publishing}
}

@article{bryan2005video,
  title={Video Analysis: Real-World Explorations for Secondary Mathematics.},
  author={Bryan, Joel A},
  journal={Learning \& Leading with Technology},
  volume={32},
  number={6},
  pages={22--24},
  year={2005},
  publisher={ERIC}
}

@article{steinberg2000computers,
  title={Computers in teaching science: To simulate or not to simulate?},
  author={Steinberg, Richard N},
  journal={American Journal of Physics},
  volume={68},
  number={S1},
  pages={S37--S41},
  year={2000},
  publisher={American Association of Physics Teachers}
}

@article{wieman2010teaching,
  title={Teaching physics using PhET simulations},
  author={Wieman, Carl E and Adams, Wendy K and Loeblein, Patricia and Perkins, Katherine K},
  journal={The Physics Teacher},
  volume={48},
  number={4},
  pages={225--227},
  year={2010},
  publisher={American Association of Physics Teachers}
}

@misc{nsta1999statement,
  title={The Use of Computers in Science Education},
  author={{National Science Teachers Association}},
  year={1999},
  url = "http://www.nsta.org/about/positions/computers.aspx"
}

@Manual{loggerpro,
  title = "LoggerPro Version 3.9",
  author = {{Vernier Software and Technology}},
  year = {2015},
  url = "http://www.vernier.com/products/software/lp/"
}

@Manual{tracker,
  title = "Tracker Video Analysis and Modeling Tool Version 4.87",
  author = {Doug Brown},
  year = {2015},
  url = "https://www.cabrillo.edu/~dbrown/tracker/"
}

@Manual{physion,
  title = "Physion Simulation Software Version 1.01",
  author = {Dimitris Xanthopoulos},
  year = {2010},
  url = "http://physion.net/"
}

@Misc{cbl,
  title = "Texas Instruments Calculator-Based Laboratory 2",
  author = {{Texas Instruments}},
  year = {2015},
  url = "http://education.ti.com/en/us/products/data-collection/cbl-2/"
}

@Misc{pasport,
  title = "PASPORT Probeware",
  author = {{PASCO}},
  year = {2015},
  url = "http://www.pasco.com/Products/Probeware/PASPORT/"
}

@ONLINE{PhET,
  author = {{PhET}},
  publisher = {University of Colorado},
  title = {PhET Interactive Simulations},
  year= {2015},
  howpublished= {\url{https://phet.colorado.edu/}},
  note = {Accessed: 5/3/2015}
}

% HCI, cognative load theory, item response theory and software engineering ---------------

@book{demars2010item,
  title={Item response theory},
  author={DeMars, Christine},
  year={2010},
  publisher={Oxford University Press}
}

@article{bertoa2002quality,
  title={Quality attributes for COTS components},
  author={Bertoa, Manuel F and Vallecillo, Antonio},
  year={2002},
  publisher={Citeseer}
}

@article{cronbach:51,
    year={1951},
    issn={0033-3123},
    journal={Psychometrika},
    volume={16},
    number={3},
    doi={10.1007/BF02310555},
    title={Coefficient alpha and the internal structure of tests},
    url={http://dx.doi.org/10.1007/BF02310555},
    publisher={Springer-Verlag},
    author={Cronbach, LeeJ.},
    pages={297-334},
    language={English}
}


@Book{GeorgeMallery2003,
 author = "D. George and P. Mallery",
 title = "SPSS for Windows Step by Step: A Simple Guide and Reference, 11.0 Update (4th Edition)",
 publisher = "Allyn \& Bacon",
 address = "Boston, MA",
 year = 2003,
 isbn = "0205375529 ",
}

@Book{Nunnally1978,
 author = "J.C. Nunnally and I.H. Bernstein",
 title = "Psychometric Theory (Third Edition)",
 publisher = "McGraw Hill",
 address = "New York, New York",
 year = 1978,
 isbn = "007047849 ",
}

@Book{gold,
 author = "Antony Unwin and Martin Theus and Heike Hofmann",
 title = "Graphics of Large Datasets",
 publisher = "Springer",
 address = " New York",
 year = 2006,
 isbn = "0387329064",
}


@article{Friborg2006,
    year={2006},
    issn={0191-8869},
    journal={Personality and Individual Differences},
    volume={40},
    doi={10.1016/j.paid.2005.08.015},
    title={Likert-based vs. semantic differential-based scoring of positive psychological constructs: A psychometric comparison of two versions of a scale measuring resilience},
    publisher={Elsevier},
    author={O. Friborg and M. Martinussen and J. Rosenvinge},
    pages={873-884},
    language={English}
}

@article{Furnham1986,
    year={1986},
    issn={0191-8869},
    journal={Personality and Individual Differences},
    volume={7},
    title={Response Bias, Social Desirability and Dissimulation},
    publisher={Pergamon Press Ltd},
    author={A. Furnham},
    pages={385-499},
    language={English}
}


@article{KistnerMuller2004,
    year={2004},
    doi={doi:10.1007/BF02295646},
    journal={Psychometrika},
    volume={69},
    number={3},
    title={Exant Distributions of Intraclass Correlation and Cronbach's Alpha with Gaussian Data and General Covariance},
    publisher={Springer},
    author={E.O. Kistner and K.E. Muller},
    pages={459-474},
    language={English}
}


@inproceedings{nielsen1994,
  title={Usability inspection methods},
  author={Nielsen, Jakob},
  booktitle={Conference companion on Human factors in computing systems},
  pages={413--414},
  year={1994},
  organization={ACM}
}

@article{carini2006student,
  title={Student engagement and student learning: Testing the linkages*},
  author={Carini, Robert M and Kuh, George D and Klein, Stephen P},
  journal={Research in higher education},
  volume={47},
  number={1},
  pages={1--32},
  year={2006},
  publisher={Springer}
}

@article{muller2008,
  title={Raising cognitive load with linear multimedia to promote conceptual change},
  author={Muller, Derek A and Sharma, Manjula D and Reimann, Peter},
  journal={Science Education},
  volume={92},
  number={2},
  pages={278--296},
  year={2008},
  publisher={Wiley Online Library}
}

@inproceedings{oviatt2006,
  title={Human-centered design meets cognitive load theory: designing interfaces that help people think},
  author={Oviatt, Sharon},
  booktitle={Proceedings of the 14th annual ACM international conference on Multimedia},
  pages={871--880},
  year={2006},
  organization={ACM}
}

@article{bevan1997quality,
  title={Quality and usability: a new framework},
  author={Bevan, Nigel},
  journal={Achieving software product quality, van Veenendaal, E, and McMullan, J (eds)},
  year={1997}
}

@article{manuel2002quality,
  title={Quality Attributes for COTS Components},
  author={M. F. Berton and A. Vallencillo},
  journal={I+ D Computacion, 1 (2)},
  pages={128--143},
  year={2002}
}

@book{schwartz2012high,
  title={High performance MySQL: Optimization, backups, and replication},
  author={Schwartz, Baron and Zaitsev, Peter and Tkachenko, Vadim},
  year={2012},
  publisher={" O'Reilly Media, Inc."}
}

@article{lee2010technology,
  title={How do technology-enhanced inquiry science units impact classroom learning?},
  author={Lee, Hee-Sun and Linn, Marcia C and Varma, Keisha and Liu, Ou Lydia},
  journal={Journal of Research in Science Teaching},
  volume={47},
  number={1},
  pages={71--90},
  year={2010},
  publisher={Wiley Online Library}
}
